<?xml version="1.0" encoding="UTF-8"?><collection xmlns="http://www.loc.gov/MARC21/slim"><record><leader>00564nam--2200157-i-4500</leader><controlfield tag="001">000020865</controlfield><controlfield tag="002">20161230</controlfield><controlfield tag="005">20161230201033</controlfield><controlfield tag="008">060222s1000------------r-----000-0-eng-d</controlfield><datafield ind1=" " ind2=" " tag="020"><subfield code="a">92-826-3</subfield></datafield><datafield ind1=" " ind2=" " tag="080"><subfield code="a">621.039.7</subfield></datafield><datafield ind1=" " ind2=" " tag="100"><subfield code="a">P. Vitorge /S.A.</subfield></datafield><datafield ind1=" " ind2=" " tag="245"><subfield code="a">Solubility limits of radionuclides in interstitial water. americium in cement. task 3. characterization of radioactive waste forms a series of final reports (1985-89)</subfield></datafield><datafield ind1=" " ind2=" " tag="260"><subfield code="a">Luxembourg: Office For Official Publications Of The European Communities, 1991 39 P</subfield></datafield><datafield ind1=" " ind2=" " tag="490"><subfield code="a">Eur 13664</subfield></datafield><datafield ind1=" " ind2=" " tag="852"><subfield code="a">80205</subfield></datafield></record></collection>